
@article{YANASSE2000,
  title = {An algorithm for determining the K-best solutions of the one-dimensional Knapsack problem},
  journal = {Pesquisa Operacional},
  author={Yanasse, Horacio Hideki AND Soma, Nei Yoshihiro AND Maculan, Nelson},
  ISSN = {0101-7438},
  language = {en},
  URL = {http://www.scielo.br/scielo.php?script=sci_arttext&pid=S0101-74382000000100011&nrm=iso},
  volume = {20},
  year = {2000},
  month = {06},
  pages = {117 - 134},
  publisher = {scielo}
}
@ARTICLE{Pisinger94,
    author = {David Pisinger},
    title = {Core problems in Knapsack Algorithms.},
    journal = {Operations Research},
    year = {1994},
    volume = {47},
    pages = {570--575}
}

